<record><leader>00000cas a2200000 a 4500</leader><controlfield tag="001">12674670</controlfield><controlfield tag="007">hd afu---buuu</controlfield><controlfield tag="008">851015d18901928nbudn nea     0    0eng d</controlfield><datafield ind1=" " ind2=" " tag="010"><subfield code="a">sn 95073434 </subfield></datafield><datafield ind1=" " ind2=" " tag="040"><subfield code="a">KEU</subfield><subfield code="b">eng</subfield><subfield code="c">KEU</subfield><subfield code="d">NVG</subfield><subfield code="d">OCL</subfield><subfield code="d">OCLCQ</subfield><subfield code="d">OCLCF</subfield><subfield code="d">OCLCO</subfield><subfield code="d">OCLCQ</subfield></datafield><datafield ind1=" " ind2=" " tag="042"><subfield code="a">msc</subfield></datafield><datafield ind1=" " ind2=" " tag="043"><subfield code="a">n-us-nb</subfield></datafield><datafield ind1="0" ind2=" " tag="130"><subfield code="a">Morning world-herald (Omaha, Neb. : 1890)</subfield></datafield><datafield ind1="1" ind2="0" tag="245"><subfield code="a">Morning world-herald.</subfield></datafield><datafield ind1="1" ind2="7" tag="246"><subfield code="a">World-herald</subfield></datafield><datafield ind1="1" ind2=" " tag="246"><subfield code="i">Published on Sundays as:</subfield><subfield code="a">Omaha Sunday world-herald</subfield><subfield code="f">Aug. 24, 1890-Apr. 8, 1906</subfield></datafield><datafield ind1=" " ind2=" " tag="260"><subfield code="a">Omaha, Neb. :</subfield><subfield code="b">[World Pub. Co.],</subfield><subfield code="c">1890-1928.</subfield></datafield><datafield ind1=" " ind2=" " tag="300"><subfield code="a">40 volumes ;</subfield><subfield code="c">56 cm</subfield></datafield><datafield ind1=" " ind2=" " tag="310"><subfield code="a">Daily (except Sun.),</subfield><subfield code="b">Apr. 15, 1906-Nov. 9, 1928</subfield></datafield><datafield ind1=" " ind2=" " tag="321"><subfield code="a">Daily,</subfield><subfield code="b">Aug. 18, 1890-Apr. 14, 1906</subfield></datafield><datafield ind1=" " ind2=" " tag="336"><subfield code="a">text</subfield><subfield code="b">txt</subfield><subfield code="2">rdacontent</subfield></datafield><datafield ind1=" " ind2=" " tag="337"><subfield code="a">microform</subfield><subfield code="b">h</subfield><subfield code="2">rdamedia</subfield></datafield><datafield ind1=" " ind2=" " tag="338"><subfield code="a">microfilm reel</subfield><subfield code="b">hd</subfield><subfield code="2">rdacarrier</subfield></datafield><datafield ind1="0" ind2=" " tag="362"><subfield code="a">Vol. 25, no. 309 (Aug. 18, 1890)-v. 64, no. 35 (Nov. 9, 1928).</subfield></datafield><datafield ind1=" " ind2=" " tag="580"><subfield code="a">Evening ed.: Evening world-herald (Omaha, Neb.).</subfield></datafield><datafield ind1=" " ind2=" " tag="580"><subfield code="a">Weekly ed.: Weekly world-herald.</subfield></datafield><datafield ind1=" " ind2=" " tag="580"><subfield code="a">Sunday ed.: Sunday world-herald (Omaha, Neb. : 1906).</subfield></datafield><datafield ind1=" " ind2=" " tag="533"><subfield code="a">Microfilm.</subfield><subfield code="b">Cleveland, Ohio :</subfield><subfield code="c">Bell &amp; Howell Micro Photo Division,</subfield><subfield code="d">[19--].</subfield><subfield code="e">microfilm reels ; 35 mm.</subfield></datafield><datafield ind1=" " ind2="0" tag="651"><subfield code="a">Omaha (Neb.)</subfield><subfield code="v">Newspapers.</subfield></datafield><datafield ind1=" " ind2="7" tag="651"><subfield code="a">Nebraska</subfield><subfield code="z">Omaha.</subfield><subfield code="2">fast</subfield><subfield code="0">(OCoLC)fst01204995</subfield></datafield><datafield ind1=" " ind2="7" tag="655"><subfield code="a">Newspapers.</subfield><subfield code="2">fast</subfield><subfield code="0">(OCoLC)fst01423814</subfield></datafield><datafield ind1=" " ind2=" " tag="752"><subfield code="a">United States</subfield><subfield code="b">Nebraska</subfield><subfield code="c">Douglas</subfield><subfield code="d">Omaha.</subfield></datafield><datafield ind1="1" ind2=" " tag="775"><subfield code="t">Evening world-herald (Omaha, Neb.)</subfield></datafield><datafield ind1="1" ind2=" " tag="775"><subfield code="t">Weekly world-herald</subfield></datafield><datafield ind1="1" ind2=" " tag="775"><subfield code="t">Sunday world-herald (Omaha, Neb. : 1906)</subfield></datafield><datafield ind1="1" ind2=" " tag="776"><subfield code="c">Original</subfield><subfield code="w">(DLC)sn 83045765</subfield></datafield><datafield ind1="0" ind2="0" tag="780"><subfield code="t">Omaha daily world-herald (Omaha, Neb. : Morning ed.)</subfield></datafield><datafield ind1="0" ind2="1" tag="785"><subfield code="t">Sunday world-herald (Omaha, Neb. : 1906)</subfield></datafield><datafield ind1="0" ind2="0" tag="785"><subfield code="t">Omaha world-herald (Omaha, Neb. : 1928 : Morning ed.)</subfield><subfield code="w">(DLC)sn 95073435</subfield></datafield><datafield ind1="1" ind2=" " tag="029"><subfield code="a">AU@</subfield><subfield code="b">000012188681</subfield></datafield></record>